@misc{gutenberg,
        key = {Project Gutenberg},
	title = {Project Gutenberg},
	year = {2016.},
	howpublished = {\url{https://www.gutenberg.org/}},
	note = {pristupljeno 12.~08.~2016.}
}

@book{chomsky,
	author = {Chomsky, Noam},
	title = {Syntactic Structures},
	publisher = {Mouton Publishers},
	address = {The Hague / Paris},
	year = {1957}
}

@book{aicomplete,
	title = {Encyclopedia of Artificial Intelligence (second edition)},
	author = {Shapiro, Stuart C.},
	year = {1992},
	publisher = {A Wiley Interscience Publication},
	address = {New Jersey}
}

@article{montague1970universal,
	title = {Universal grammar},
	author = {Montague, Richard},
	journal = {Theoria},
	volume = {36},
	number = {3},
	pages = {373--398},
	year = {1970}
}

@incollection{sutton2006introduction,
	title = {An introduction to conditional random fields for relational learning},
	author = {Sutton, Charles and McCallum, Andrew},
	year = {2007},
        booktitle = {Introduction to Statistical Relational Learning},
        editor = {Getoor, Lise and Taskar, Ben},
	publisher = {MIT Press},
        pages = {92--128}
}

@inproceedings{finkel2005incorporating,
	title = {Incorporating non-local information into information extraction systems by gibbs sampling},
	author = {Finkel, Jenny Rose and Grenager, Trond and Manning, Christopher},
	booktitle = {Proceedings of the 43rd Annual Meeting on Association for Computational Linguistics},
	pages = {363--370},
	year = {2005.},
	organization = {Association for Computational Linguistics}
}

@misc{clark2008coreference,
	title = {Coreference resolution: Current trends and future directions},
	author = {Clark, Jonathan H. and Gonz{\'a}lez-Brenes, Jos{\'e} P.},
	pages = {1--19},
        howpublished = {\url{https://www.cs.cmu.edu/~jhclark/pubs/clark_gonzalez_coreference.pdf}},
	year = {2008.},
	institution = {Carnegie Mellon University},
	note = {pris\-tup\-lje\-no 23.~10.~2016.}
}

@article{lee2013deterministic,
	title = {Deterministic coreference resolution based on entity-centric, precision-ranked rules},
	author = {Lee, Heeyoung and Chang, Angel and Peirsman, Yves and Chambers, Nathanael and Surdeanu, Mihai and Jurafsky, Dan},
	journal = {Computational Linguistics},
	volume = {39},
	number = {4},
	pages = {885--916},
	year = {2013}
}

@inproceedings{haghighi2009simple,
	title = {Simple coreference resolution with rich syntactic and semantic features},
	author = {Haghighi, Aria and Klein, Dan},
	booktitle = {Proceedings of the 2009 Conference on Empirical Methods in Natural Language Processing: Volume 3},
	pages = {1152--1161},
	year = {2009.},
	organization = {Association for Computational Linguistics}
}

@article{liu2012sentiment,
	title = {Sentiment analysis and opinion mining},
	author = {Liu, Bing},
	journal = {Synthesis lectures on human language technologies},
	volume = {5},
	number = {1},
	pages = {1--167},
	year = {2012}
}

@book{jurafsky2014speech,
	title = {Speech and Language Processing (second edition)},
	author = {Jurafsky, Daniel and Martin, James H.},
	year = {2009.},
	publisher = {Pearson}
}

@inproceedings{qu2010bag,
	title = {The bag-of-opinions method for review rating prediction from sparse text patterns},
	author = {Qu, Lizhen and Ifrim, Georgiana and Weikum, Gerhard},
	booktitle = {Proceedings of the 23rd International Conference on Computational Linguistics},
	pages = {913--921},
	year = {2010.},
	organization = {Association for Computational Linguistics}
}

@misc{sharifrecursive,
	title = {Recursive Nested Neural Network for Sentiment Analysis},
	author = {Sharif, Milad and Abadi, Hossein Karkeh},
	pages = {1--7},
	year = {2015.},
        howpublished = {\url{https://cs224d.stanford.edu/reports/SharifMilad.pdf}},
	institution = {Stanford University},
	note = {pris\-tup\-lje\-no 23.~10.~2016.}
}

@inproceedings{socher2013recursive,
	title = {Recursive deep models for semantic compositionality over a sentiment treebank},
	author = {Socher, Richard and Perelygin, Alex and Wu, Jean Y. and Chuang, Jason and Manning, Christopher D. and Ng, Andrew Y. and Potts, Christopher},
	booktitle = {Proceedings of the Conference on Empirical Methods in Natural Language Processing (EMNLP)},
	pages = {1631--1642},
	year = {2013.},
	organization = {Association for Computational Linguistics}
}

@misc{ogneva2010companies,
	title = {How companies can use sentiment analysis to improve their business},
	author = {Ogneva, Maria},
        howpublished = {\url{http://mashable.com/2010/04/19/sentiment-analysis/}},
	year = {2010.},
	note = {pris\-tup\-lje\-no 23.~10.~2016.}
}

@misc{grimes2010expert,
	title = {Expert analysis: Is sentiment analysis an 80\% solution?},
	author = {Grimes, Seth},
        howpublished = {\url{http://www.informationweek.com/software/information-management/expert-analysis-is-sentiment-analysis-an-80--solution/d/d-id/1087919?}},
	year = {2010.},
	note = {pris\-tup\-lje\-no 23.~10.~2016.}
}

@inproceedings{manning2014stanford,
	title={The Stanford CoreNLP Natural Language Processing Toolkit.},
	author={Manning, Christopher D and Surdeanu, Mihai and Bauer, John and Finkel, Jenny Rose and Bethard, Steven and McClosky, David},
	booktitle={ACL (System Demonstrations)},
	pages={55--60},
	year={2014}
}
